@book{chronicles-v1,
  author    = {M. Burns, R. Brooks, C. Metzen},
  title     = {World of Warcraft : Chronicle Volume 1},
  publisher = {Dark Horse Books},
  year      = 2016,
  url       = {https://wowpedia.fandom.com/wiki/World_of_Warcraft:_Chronicle_Volume_1}
}

@book{chronicles-v2,
  author    = {M. Burns, R. Brooks, C. Metzen},
  title     = {World of Warcraft : Chronicle Volume 2},
  publisher = {Dark Horse Books},
  year      = 2017,
  url       = {https://wowpedia.fandom.com/wiki/World_of_Warcraft:_Chronicle_Volume_2}
}

@book{chronicles-v3,
  author    = {M. Burns, R. Brooks, C. Metzen},
  title     = {World of Warcraft : Chronicle Volume 3},
  publisher = {Dark Horse Books},
  year      = 2018,
  url       = {https://wowpedia.fandom.com/wiki/World_of_Warcraft:_Chronicle_Volume_3}
}
